@book{saleh2007fundamentals,
  title={Fundamentals of Photonics},
  author={Saleh, B.E.A. and Teich, M.C.},
  isbn={9780471358329},
  lccn={2008277958},
  series={Wiley Series in Pure and Applied Optics},
  howpublished={https://books.google.com/books?id=Ve8eAQAAIAAJ},
  year={2007},
  publisher={Wiley}
}

@Misc{lrf_jenoptik,
	howpublished = "\url{https://www.jenoptik.com/products/defense-and-security/laser-rangefinders/oem-modules-system-integration}",
}

@Misc{lrf_voxtel,
	howpublished = "\url{http://voxtel-inc.com/products/laser-rangefinder-modules-and-devices/}",
}

@Misc{bib_manage,
	author = {LaTeX},
	title = {LaTeX/Bibliography Management},
	howpublished = "\url{https://en.wikibooks.org/wiki/LaTeX/Bibliography_Management}",
	month = {May},
	year = {2016},

}
